<collection xmlns="http://www.loc.gov/MARC21/slim">
    <record>
        <leader>00968nam a2200229 i 4500</leader>
        <controlfield tag="001">272087</controlfield>
        <controlfield tag="005">20020415161422.0</controlfield>
        <controlfield tag="008">771215s1977dcuf00010engd</controlfield>
        <datafield tag="035" ind1=" " ind2=" ">
            <subfield code="a">(OCoLC)ocm03493895</subfield>
        </datafield>
        <datafield tag="035" ind1=" " ind2=" ">
            <subfield code="9">ABC-6433</subfield>
        </datafield>
        <datafield tag="040" ind1=" " ind2=" ">
            <subfield code="a">GPO</subfield>
            <subfield code="c">GPO</subfield>
            <subfield code="d">VRC</subfield>
            <subfield code="d">UIU</subfield>
            <subfield code="d">m.c.2</subfield>
        </datafield>
        <datafield tag="074" ind1=" " ind2=" ">
            <subfield code="a">502-A-2</subfield>
        </datafield>
        <datafield tag="086" ind1="0" ind2=" ">
            <subfield code="a">HE 23.3102:T 34</subfield>
        </datafield>
        <datafield tag="110" ind1="2" ind2="0">
            <subfield code="a">National Clearinghouse on Aging.</subfield>
        </datafield>
        <datafield tag="245" ind1="1" ind2="0">
            <subfield code="a">National Clearinghouse on Aging thesaurus.</subfield>
        </datafield>
        <datafield tag="250" ind1=" " ind2=" ">
            <subfield code="a">2d ed., July 1977.</subfield>
        </datafield>
        <datafield tag="260" ind1="0" ind2=" ">
            <subfield code="a">Washington :</subfield>
            <subfield code="b">Dept. of Health, Education, and Welfare, Office of Human Development Services, Administation on Aging, National Clearinghouse on Aging,</subfield>
            <subfield code="c">1977.</subfield>
        </datafield>
        <datafield tag="300" ind1=" " ind2=" ">
            <subfield code="a"> 137 p. in various pagings ;</subfield>
            <subfield code="c">28 cm.</subfield>
        </datafield>
        <datafield tag="490" ind1="0" ind2=" ">
            <subfield code="a">United States.  Dept. of Health, Education, and Welfare. DHEW publication ;  no. (OHDS) 78-20087</subfield>
        </datafield>
        <datafield tag="500" ind1=" " ind2=" ">
            <subfield code="a">Prepared by Documentation Associates Information Services Incorporated under contract no. HEW 105-76-3000.</subfield>
        </datafield>
        <datafield tag="650" ind1=" " ind2="0">
            <subfield code="a">Gerontology</subfield>
            <subfield code="x">Terminology.</subfield>
        </datafield>
        <datafield tag="650" ind1=" " ind2="0">
            <subfield code="a">Aging</subfield>
            <subfield code="x">Terminology.</subfield>
        </datafield>
        <datafield tag="955" ind1=" " ind2=" ">
            <subfield code="a">UIU</subfield>
            <subfield code="b">30112048976390</subfield>
            <subfield code="c">472411</subfield>
            <subfield code="d">Stacks</subfield>
            <subfield code="e">301.435014 N213N1977</subfield>
            <subfield code="f">2</subfield>
            <subfield code="g">am</subfield>
        </datafield>
    </record>
</collection>
